<?xml version="1.0" encoding="UTF-8"?><collection xmlns="http://www.loc.gov/MARC21/slim"><record><leader>00376nam--2200121-i-4500</leader><controlfield tag="001">000034848</controlfield><controlfield tag="002">20161230</controlfield><controlfield tag="005">20161230201040</controlfield><controlfield tag="008">060222s1000------------r-----000-0-eng-d</controlfield><datafield ind1=" " ind2=" " tag="080"><subfield code="a">621.039.58</subfield></datafield><datafield ind1=" " ind2=" " tag="245"><subfield code="a">Norme republicane de securitate nucleara. regimul de lucru cu surse de radiatii nucleare</subfield></datafield><datafield ind1=" " ind2=" " tag="260"><subfield code="a">Bucuresti, Com.De Stat Pentru Energ.Nucleara, 1976, 116p</subfield></datafield><datafield ind1=" " ind2=" " tag="852"><subfield code="a">80700</subfield></datafield></record></collection>